@online{ibmBoosting,
  url     = {https://www.ibm.com/de-de/topics/boosting},
  urldate = {2023-11-16},
  title   = {Was ist Boosting},
  author  = {IBM}
}@online{quickIntroBoostingAlgo,
  url     = {https://www.analyticsvidhya.com/blog/2015/11/quick-introduction-boosting-algorithms-machine-learning/},
  urldate = {2023-11-16},
  title   = {Quick Introduction to Boosting Algorithms in Machine Learning},
  author  = {Sunil Ray},
  year    = {2022}
}